% Encoding: UTF-8
@misc{ana1,
 title   ={Boletins de Monitoramento dos Reservatórios do Sistema Hidráulico do Rio Paraíba do Sul},
 url     ={http://www3.ana.gov.br/portal/ANA/sala-de-situacao/paraiba-do-sul},
year={2018},
 organization={ANA},
 urlaccessdate={10 set. 2018}
}

@misc{pandas,
 title   ={Python Data Analysis Library},
 url     ={https://pandas.pydata.org/},
year={2018},
 organization={Pandas},
 urlaccessdate={10 set. 2018}
}

@misc{python,
 title   ={Python Software Foundation },
 url     ={https://www.python.org/about/},
year={2018},
 organization={Python},
 urlaccessdate={10 set. 2018}
}

@misc{numpy,
 title   ={Pyscience-brasil},
 url     ={http://pyscience-brasil.wikidot.com/module:numpy},
year={2018},
 organization={Numpy},
 urlaccessdate={10 set. 2018}
}

@misc{jupyter,
 title   ={Jupyter Project and Community},
 url     ={https://jupyter.org/about},
year={2018},
 organization={Jupyter},
 urlaccessdate={10 set. 2018}
}

@misc{matplotlib,
 title   ={https://numfocus.org/},
 url     ={https://matplotlib.org/},
year={2018},
 organization={Matplotlib},
 urlaccessdate={10 set. 2018}
}

@misc{Elias,
 title   ={Dados VS Informação: Qual a diferença?},
 url     ={https://www.binapratica.com.br/dados-x-informacao},
 year={2017},
 organization={binapratica},
 urlaccessdate={10 nov. 2017}
}

@Online{miraibotnet,
  author  = {Brian Krebs},
  title   = {KrebsOnSecurity Hit With Record DDoS},
  month   = sep,
  year    = {2016},
  url     = {https://krebsonsecurity.com/2016/09/krebsonsecurity-hit-with-record-ddos/},
  urldate = {2016-09-21}
}


@article{fayyad1996data,
  title={From data mining to knowledge discovery in databases},
  author={Fayyad, Usama and Piatetsky-Shapiro, Gregory and Smyth, Padhraic},
  journal={AI magazine},
  volume={17},
  number={3},
  pages={37},
  year={1996}
}
@book{manly2016multivariate,
  title={Multivariate statistical methods: a primer},
  author={Manly, Bryan FJ and Alberto, Jorge A Navarro},
  year={2016},
  publisher={Chapman and Hall/CRC}
}
@article{dig2004privacy,
  title={Privacy Implications of Data Mining \& Aggregation},
  author={Dig, Think Before You},
  journal={NASCIO Research Brief},
  year={2004}
}
@article{regazzi2002analise,
  title={An{\'a}lise multivariada},
  author={Regazzi, AJ},
  journal={Vi{\c{c}}osa, MG: Universidade Federal de Vi{\c{c}}osa},
  volume={2},
  year={2002}
}




@Comment{jabref-meta: databaseType:bibtex;}
